<?xml version="1.0" encoding="UTF-8"?><record xmlns="http://www.loc.gov/MARC21/slim" xmlns:cinclude="http://apache.org/cocoon/include/1.0" xmlns:zs="http://www.loc.gov/zing/srw/">
  <leader>00441nz  a2200145n  4500</leader>
  <controlfield tag="001">no2012007024</controlfield>
  <controlfield tag="003">DLC</controlfield>
  <controlfield tag="005">20120119183219.0</controlfield>
  <controlfield tag="008">120117n| acannaabn          |a aaa     c</controlfield>
  <datafield tag="010" ind1=" " ind2=" ">
    <subfield code="a">no2012007024</subfield>
  </datafield>
  <datafield tag="035" ind1=" " ind2=" ">
    <subfield code="a">(OCoLC)oca09088236</subfield>
  </datafield>
  <datafield tag="040" ind1=" " ind2=" ">
    <subfield code="a">InU</subfield>
    <subfield code="b">eng</subfield>
    <subfield code="c">InU</subfield>
  </datafield>
  <datafield tag="100" ind1="1" ind2=" ">
    <subfield code="a">Robson, Tom</subfield>
    <subfield code="q">(Thomas M.)</subfield>
  </datafield>
  <datafield tag="400" ind1="1" ind2=" ">
    <subfield code="a">Robson, Thomas M.</subfield>
  </datafield>
  <datafield tag="670" ind1=" " ind2=" ">
    <subfield code="a">"The greatest living genius of the race", 2011:</subfield>
    <subfield code="b">t.p. (Tom Robson) vita (email, thomas.m.robson@gmail.com)</subfield>
  </datafield>
</record>